@InProceedings{Danner2015,
  author    = {Norman Danner and
               Daniel R. Licata and
               Ramyaa Ramyaa},
  title     = {Denotational cost semantics for functional languages with inductive
               types},
  volume    = {abs/1506.01949},
  booktitle = {In Proceedings of the International Conference on Functional Programming},
  year      = {2015},
  url       = {http://arxiv.org/abs/1506.01949},
  timestamp = {Wed, 01 Jul 2015 15:10:24 +0200},
}
@InProceedings{Danner2013,
  author    = {Norman Danner and
               Jennifer Paykin and
               James S. Royer},
  title     = {A static cost analysis for a higher-order language},
  booktitle = {Proceedings of the 7th workshop on Programming languages meets program verification},
  publisher = {ACM Press},
  year      = {2013},
  date      = {2013},
  pages     = {25-34},
  doi       = {10.1145/2428116.2428123},
  url       = {http://arxiv.org/abs/1206.3523},
}
@article{Danner2007,
  year      = {2007},
  author    = {Norman Danner and
               James S. Royer},
  title     = {Adventures in time and space},
  journal   = {Logical Methods in Computer Science},
  volume    = {3},
  number    = {1},
  doi       = {10.2168/LMCS-3(1:9)2007}
}

@article{Danner2009,
  year      = {2009},
  author    = {Norman Danner and
               James S. Royer},
  journal   = {Theory of Computing Systems},
  volume    = {45},
  number    = {4},
  doi       = {10.1007/s00224-009-9181-y},
  title     = {Two Algorithms in Search of a Type-System},
  url       = {http://dx.doi.org/10.1007/s00224-009-9181-y},
  publisher = {Springer-Verlag},
  pages     = {787-821}
}
@article{KC96,
  year      = {1996},
  author    = {B. M. Kapron and S. A. Cook},
  journal   = {SIAM Journal on Computing},
  volume    = {25},
  issue     = {1},
  title     = {A New Characterization of Type-2 Feasibility},
  doi       = {10.1137/S0097539794263452},
  url       = {http://dx.doi.org/10.1137/S0097539794263452},
  pages     = {117-132}
}
@inproceedings{Avanzini2015,
  author    = {Martin Avanzini and
               Ugo Dal Lago and
               Georg Moser},
  title     = {Analysing the Complexity of Functional Programs: Higher-Order Meets
               First-Order (Long Version)},
  booktitle = {In Proceedings of the International Conference on Functional Programming},
  year      = {2015},
  url       = {http://arxiv.org/abs/1506.05043},
  timestamp = {Wed, 01 Jul 2015 15:10:24 +0200},
}

@book{Harper2012PFPL,
 author = {Harper, Professor Robert},
 title = {Practical Foundations for Programming Languages},
 year = {2012},
 isbn = {1107029570, 9781107029576},
 publisher = {Cambridge University Press},
 address = {New York, NY, USA},
}

@inproceedings{HoffHof2010,
  author    = {Jan Hoffmann and
               Martin Hofmann},
  title     = {{Amortized Resource Analysis with Polymorphic Recursion and Partial Big-Step Operational Semantics}},
  booktitle = {{8th Asian Symp. on Prog. Langs. (APLAS'10)}},
  year      = {2010},
  pages     = {172-187},
  publisher = {Springer},
  series    = {Lecture Notes in Computer Science},
  volume    = {6461}
}
@article{Gulwani:2009:SPE:1594834.1480898,
 author = {Gulwani, Sumit and Mehra, Krishna K. and Chilimbi, Trishul},
 title = {SPEED: Precise and Efficient Static Estimation of Program Computational Complexity},
 journal = {SIGPLAN Not.},
 issue_date = {January 2009},
 volume = {44},
 number = {1},
 month = jan,
 year = {2009},
 issn = {0362-1340},
 pages = {127--139},
 numpages = {13},
 url = {http://doi.acm.org/10.1145/1594834.1480898},
 doi = {10.1145/1594834.1480898},
 acmid = {1480898},
 publisher = {ACM},
 address = {New York, NY, USA},
 keywords = {counter instrumentation, quantitative functions, symbolic complexity bounds, termination analysis},
}
@book{Cormen2001,
  author = {Cormen, Thomas H. and Stein, Clifford and Rivest, Ronald L. and Leiserson, Charles E.},
  title = {Introduction to Algorithms},
  year = {2001},
  isbn = {0070131511},
  edition = {2nd},
  publisher = {McGraw-Hill Higher Education},
}
@book{Okasaki:1998:PFD:280586,
 author = {Okasaki, Chris},
 title = {Purely Functional Data Structures},
 year = {1998},
 isbn = {0-521-63124-6},
 publisher = {Cambridge University Press},
 address = {New York, NY, USA},
}
@article{Albert2011,
 author = {Albert, Elvira and Arenas, Puri and Genaim, Samir and Puebla, Germ\'{a}n},
 title = {Closed-Form Upper Bounds in Static Cost Analysis},
 journal = {J. Autom. Reason.},
 issue_date = {February  2011},
 volume = {46},
 number = {2},
 month = feb,
 year = {2011},
 issn = {0168-7433},
 pages = {161--203},
 numpages = {43},
 url = {http://dx.doi.org/10.1007/s10817-010-9174-1},
 doi = {10.1007/s10817-010-9174-1},
 acmid = {1937986},
 publisher = {Springer-Verlag New York, Inc.},
 address = {Secaucus, NJ, USA}
}
@article{Albert2013,
 author = {Albert, Elvira and Genaim, Samir and Masud, Abu Naser},
 title = {On the Inference of Resource Usage Upper and Lower Bounds},
 journal = {ACM Trans. Comput. Logic},
 issue_date = {August 2013},
 volume = {14},
 number = {3},
 month = aug,
 year = {2013},
 issn = {1529-3785},
 pages = {22:1--22:35},
 articleno = {22},
 numpages = {35},
 url = {http://doi.acm.org/10.1145/2499937.2499943},
 doi = {10.1145/2499937.2499943},
 acmid = {2499943},
 publisher = {ACM},
 address = {New York, NY, USA},
 keywords = {Upper bounds, lower bounds, static cost analysis},
}
@phdthesis{Sands1990,
  author       = {David Sands},
  title        = {Calculi for the time analysis of functional programs},
  school       = {University of London},
  year         = 1990
}
@techreport{Shultis1985,
  author       = {Jon Shultis},
  number       = {CU-CS-288-85},
  title        = {On the complexity of higher-order programs},
  institution  = {University of Colorado, Boulder},
  year         = 1985
}
@phdthesis{VanStone2003,
  author       = {Kathryn Van Stone},
  title        = {A denotational approach to measuring the complexity in functional programs},
  school       = {School of Computer Science, Carnegie Mellon University},
  year         = 2003
}
